@article{1,
  author="Πετρόπουλος Φ. and Ασημακόπουλος Β.",
  title="Επιχειρησιακές Προβλέψεις",
  journal="Συμμετρία",
  year=2013
}

@article{2,
  author="Βλάχου-Βλαχοπούλου, Μαγδαληνή-Χριστίνα",
  title="Οι πηγές του Δικαίου",
  journal="ΠΜΣ Δηµόσιο ∆ίκαιο, Εθνικό και Καποδιστριακό Πανεπιστήµιο Αθηνών",
  year=2022
}

@article{3,
  author="P. Tiersma",
  title="The creation, structure, and interpretation of the legal text",
  year=2022
}

